% *********************************
% Tesis de referencia
% *********************************

% thesis JC
@thesis{muñoz_2005,
    author={Muñoz, Juan C.},
    title={Estudio de la Dinámica de Sistemas de Galaxias en Interacción: El Caso de AM2229-735},
    type={Pregrado en Física},
    institution={Univerdidad de Antioquia},
    year={2005}}

% tesis de LQ
@thesis{quiroga_2017,
    author={Quiroga, Luis F.},
    title={On the formation of polar ring galaxies in minor mergers: the case of the system AM 2229-735},
    type={Doctorado en Física},
    institution={Univerdidad de Antioquia},
    year={2017}}

% *********************************
% Libros
% *********************************

@incollection{arfken_ed7_chap16,
title = {Chapter 16 - Angular Momentum},
editor = {George B. Arfken and Hans J. Weber and Frank E. Harris},
booktitle = {Mathematical Methods for Physicists (Seventh Edition)},
publisher = {Academic Press},
edition = {Seventh Edition},
address = {Boston},
pages = {773-814},
year = {2013},
isbn = {978-0-12-384654-9},
doi = {https://doi.org/10.1016/B978-0-12-384654-9.00016-5},
url = {https://www.sciencedirect.com/science/article/pii/B9780123846549000165},
author = {George B. Arfken and Hans J. Weber and Frank E. Harris}
}

% *********************************
% Andrómeda, LMC, SMC
% *********************************

% ******
@article{Penarrubia_2015,
    author = {Peñarrubia, Jorge and Gómez, Facundo A. and Besla, Gurtina and Erkal, Denis and Ma, Yin-Zhe},
    title = "{A timing constraint on the (total) mass of the Large Magellanic Cloud}",
    journal = {Monthly Notices of the Royal Astronomical Society: Letters},
    volume = {456},
    number = {1},
    pages = {L54-L58},
    year = {2015},
    month = {11},
    issn = {1745-3925},
    doi = {10.1093/mnrasl/slv160},
    url = {https://doi.org/10.1093/mnrasl/slv160},
    eprint = {https://academic.oup.com/mnrasl/article-pdf/456/1/L54/8009357/slv160.pdf},
}

% ******
@article{Yang_2010,
 author = {Yang, Y. and Hammer, F.},
 doi = {10.1088/2041-8205/725/1/l24},
 journal = {The Astrophysical Journal Letters},
 keywords = {},
 number = {1},
 pages = {l24},
 title = {COULD THE MAGELLANIC CLOUDS BE TIDAL DWARFS EXPELLED FROM A PAST-MERGER EVENT OCCURRING IN ANDROMEDA?},
 url = {https://app.dimensions.ai/details/publication/pub.1049312419 and http://arxiv.org/pdf/1010.2748},
 volume = {725},
 year = {2010}
}

% ******
@article{ZhaoH_2013,
	author = {{Zhao, H.} and {Famaey, B.} and {L\"ughausen, F.} and {Kroupa, P.}},
	title = {Local Group timing in Milgromian dynamics - A past Milky Way-Andromeda encounter at z > 0.8},
	DOI= "10.1051/0004-6361/201321879",
	url= "https://doi.org/10.1051/0004-6361/201321879",
	journal = {A\&A},
	year = 2013,
	volume = 557,
	pages = "L3",
	month = "",
}

% *********************************
% MW and MCs
% *********************************

    @article{Cautun_2018,
    author = {Cautun, Marius and Deason, Alis J and Frenk, Carlos S and McAlpine, Stuart},
    title = "{The aftermath of the Great Collision between our Galaxy and the Large Magellanic Cloud}",
    journal = {Monthly Notices of the Royal Astronomical Society},
    volume = {483},
    number = {2},
    pages = {2185-2196},
    year = {2018},
    month = {11},
    issn = {0035-8711},
    doi = {10.1093/mnras/sty3084},
    url = {https://doi.org/10.1093/mnras/sty3084},
    eprint = {https://academic.oup.com/mnras/article-pdf/483/2/2185/27153859/sty3084.pdf},
}

